@online{ShantoLatex,
    title        = {How to add subfigure in Latex: : Step-by-Step Tutorial with Examples},
    author       = {Shanto Roy},
    year         = 2018,
    url          = {https://shantoroy.com/latex/how-to-add-subfig-in-latex/},
    urldate      = {2024-04-08}
}